<?xml version="1.0" encoding="UTF-8"?><collection xmlns="http://www.loc.gov/MARC21/slim"><record><leader>00340nam--2200109-i-4500</leader><controlfield tag="001">000043155</controlfield><controlfield tag="002">20161230</controlfield><controlfield tag="005">20161230201043</controlfield><controlfield tag="008">060222s1000------------r-----000-0-eng-d</controlfield><datafield ind1=" " ind2=" " tag="245"><subfield code="a">Supports de tubes electroniques. 1:regles generales et methodes de mesure</subfield></datafield><datafield ind1=" " ind2=" " tag="260"><subfield code="a">Geneve, Commission Electrotechnique Internationale, 1963. 39 P</subfield></datafield><datafield ind1=" " ind2=" " tag="852"><subfield code="a">21938</subfield></datafield></record></collection>